
@article{SIG,
author = {T.S. Michael and T. Quint},
journal = {Mathematical and Computer Modelling},
number = {29},
title = {{Sphere of Influence Graphs in General Metric Spaces}},
publisher = {Pergamon},
pages = {45--53},
year = {1998}
}
@article{COLOR,
author = {S. Sengupta, S. Brahma, M. Chatterjee and N. Sai Shankar},
journal = {Pervasive and Mobile Computing},
number = {9},
publisher = {Elsevier},
title = {{Self-coexistence among interference-aware IEEE 802.22 networks with
enhanced air-interface}},
year = {2011}
}
@article{FAIR,
author = {T. Quint},
journal = {Mathematical Social Sciences},
number = {22},
publisher = {Department of Mathematics,
Communicated U.S. Naval Academy},
title = {{Necessary and sufficient conditions for balancedness in partitioning
games}},
pages = {87--91},
year = {1991}
}
@article{RISK,
author = {Enrico Diecidue and Peter P. Wakker},
journal = {The Journal of Risk and Uncertainty},
volume = {23},
number = {3},
publisher = {Kluwer Academic Publishers},
pages = {281--298},
title = {{On the Intuition of Rank-Dependent Utility}},
year = {2001}
}
@article{FLIM,
author = {Marcel Nutz, Jaime San Martin and Xiaowei Tan},
journal = {AMS 2010 Subject Classification},
title = {{Convergence to the Mean Field Game Limit:
A Case Study}},
year = {2018}
}
@article{EVOL,
author = {Erick Chastain, Adi Livnat, Christos Papadimitriou and Umesh Vazirani},
journal = {PNAS},
number = {29},
volume = {11},
title = {{Algorithms, games, and evolution}},
year = {2014}
}
@article{SUPS,
author = {Jiaming Xu and Bruce Hajek},
journal = {Stochastic Systems},
volume = {3},
number = {2},
pages = {405--441},
title = {{The Supermarket Game}},
year = {2013}
}
@article{VIS,
author = {Lace M. Padilla, Sarah H. Creem-Regehr, Mary Hegarty and Jeanine K.
Stefanucci},
journal = {Cognitive Research: Principles and Implications},
number = {3:29},
publisher = {Springer Open},
title = {{Decision making with visualizations: a
cognitive framework across disciplines}},
year = {2018}
}
@inproceedings{LIE,
author = {Guillaume Bourmaud, Remi Megret, Audrey Giremus and Yannick Berthoumieu},
booktitle = {European Signal Processing Conference},
title = {{Discrete Extended Kalman Filter on Lie Groups}},
year = {2013}
}
@article{MECH,
author = {Richard Cole, Vasilis Gkatzelis, Gagan Goel},
publisher = {Google},
address = {New York, NY},
title = {{Mechanism Design for Fair Division: Allocating Divisible Items without
Payments}}
}
@article{RMANI,
author = {P.A. Absil and Jerome Malick},
journal = {SIAM Journal on Optimization},
booktitle = {Dynamical Systems, Control, and Optimization},
volume = {22},
publisher = {Society for Industrial and Applied Mathematics},
pages = {135--158},
title = {{Projection-like Retractions on Matrix Manifolds}},
year = {2012}
}
@article{NJ,
author = {N.J. Wilderberger},
publisher = {YouTube},
title = {{Introduction to Algebraic Topology}},
url = {https://www.youtube.com/user/njwildberger},
year = {2018}
}
@article{MIT,
author = {Patrick Henry Winston},
publisher = {MIT Open Source},
title = {{Introduction to Artificial Intelligence}},
url =
{https://ocw.mit.edu/courses/electrical-engineering-and-computer-science/6-034-artificial-intelligence-fall-2010/lecture-videos/},
year = {2010}
}
@article{MIC,
author = {Richard Hartley, Sadeep Jayasumana, Mahrtash Harandi, Mathieu
Salzmann and Hondong Li},
publisher = {Microsoft Research},
url = {http://microsoft.com/research},
title = {{Riemann Manifolds, Kernels, and Learning}},
year = {2016}
}
@article{AVG,
author = {Jordan Blocher, Vincent R. Martinez, Eric Olson},
journal = {Physica D},
number = {376--377},
publisher = {Elsevier},
pages = {49--59},
title = {{Data assimilation using noisy time-averaged measurements}},
year = {2017}
}

